@book{Bishop:2006:PRM:1162264,
  author = {Bishop, Christopher M.},
  title = {Pattern Recognition and Machine Learning (Information Science and Statistics)},
  year = {2006},
  isbn = {0387310738},
  publisher = {Springer-Verlag New York, Inc.},
  address = {Secaucus, NJ, USA},
  } 

  @book{Goodfellow-et-al-2016,
    title={Deep Learning},
    author={Ian Goodfellow and Yoshua Bengio and Aaron Courville},
    publisher={MIT Press},
    note={\url{http://www.deeplearningbook.org}},
    year={2016}
  }
  
  @book{38136,
  title = {Machine learning: a probabilistic perspective},
  author  = {Kevin P Murphy},
  year  = 2012,
  address = {Cambridge, MA}
  }
  
  @book{Szeliski:2010:CVA:1941882,
  author = {Szeliski, Richard},
  title = {Computer Vision: Algorithms and Applications},
  year = {2010},
  isbn = {1848829345, 9781848829343},
  edition = {1st},
  publisher = {Springer-Verlag New York, Inc.},
  address = {New York, NY, USA},
  } 
  
  @book{Forsyth:2002:CVM:580035,
  author = {Forsyth, David A. and Ponce, Jean},
  title = {Computer Vision: A Modern Approach},
  year = {2002},
  isbn = {0130851981},
  publisher = {Prentice Hall Professional Technical Reference},
  } 

  @book{Mitchell:1997:ML:541177,
  author = {Mitchell, Thomas M.},
  title = {Machine Learning},
  year = {1997},
  isbn = {0070428077, 9780070428072},
  edition = {1},
  publisher = {McGraw-Hill, Inc.},
  address = {New York, NY, USA},
  } 
  
  @book{Owen:2011:MA:2132656,
  author = {Owen, Sean and Anil, Robin and Dunning, Ted and Friedman, Ellen},
  title = {Mahout in Action},
  year = {2011},
  isbn = {1935182684, 9781935182689},
  publisher = {Manning Publications Co.},
  address = {Greenwich, CT, USA},
  } 
  
  @article{DBLP:journals/corr/GatysEB15a,
    author    = {Leon A. Gatys and
		Alexander S. Ecker and
		Matthias Bethge},
    title     = {A Neural Algorithm of Artistic Style},
    journal   = {CoRR},
    volume    = {abs/1508.06576},
    year      = {2015},
    url       = {http://arxiv.org/abs/1508.06576},
    timestamp = {Tue, 01 Sep 2015 14:42:40 +0200},
    biburl    = {http://dblp.uni-trier.de/rec/bib/journals/corr/GatysEB15a},
    bibsource = {dblp computer science bibliography, http://dblp.org}
  }
  
  @article{DBLP:journals/corr/GatysEB15,
  author    = {Leon A. Gatys and
               Alexander S. Ecker and
               Matthias Bethge},
  title     = {Texture synthesis and the controlled generation of natural stimuli
               using convolutional neural networks},
  journal   = {CoRR},
  volume    = {abs/1505.07376},
  year      = {2015},
  url       = {http://arxiv.org/abs/1505.07376},
  timestamp = {Mon, 01 Jun 2015 14:13:54 +0200},
  biburl    = {http://dblp.uni-trier.de/rec/bib/journals/corr/GatysEB15},
  bibsource = {dblp computer science bibliography, http://dblp.org}
  }
  
  @article{DBLP:journals/corr/KarayevHWAD13,
  author    = {Sergey Karayev and
               Aaron Hertzmann and
               Holger Winnemoeller and
               Aseem Agarwala and
               Trevor Darrell},
  title     = {Recognizing Image Style},
  journal   = {CoRR},
  volume    = {abs/1311.3715},
  year      = {2013},
  url       = {http://arxiv.org/abs/1311.3715},
  timestamp = {Tue, 03 Dec 2013 15:04:22 +0100},
  biburl    = {http://dblp.uni-trier.de/rec/bib/journals/corr/KarayevHWAD13},
  bibsource = {dblp computer science bibliography, http://dblp.org}
  }
  
  @article{DBLP:journals/corr/BaydinPR15,
  author    = {Atilim Gunes Baydin and
               Barak A. Pearlmutter and
               Alexey Andreyevich Radul},
  title     = {Automatic differentiation in machine learning: a survey},
  journal   = {CoRR},
  volume    = {abs/1502.05767},
  year      = {2015},
  url       = {http://arxiv.org/abs/1502.05767},
  timestamp = {Mon, 02 Mar 2015 14:17:34 +0100},
  biburl    = {http://dblp.uni-trier.de/rec/bib/journals/corr/BaydinPR15},
  bibsource = {dblp computer science bibliography, http://dblp.org}
  }
  
  @article{citeulike:13776474,
    author = {Karpathy, Andrej},
    citeulike-article-id = {13776474},
    citeulike-linkout-0 = {http://cs231n.stanford.edu/syllabus.html},
    keywords = {deep\_learning\_architectures, multilayer\_networks, networks, neural, tutorials},
    posted-at = {2015-09-27 23:58:47},
    priority = {2},
    title = {Stanford University {CS231n}: Convolutional Neural Networks for Visual Recognition},
    url = {http://cs231n.stanford.edu/syllabus.html}
  }
  
  @misc{Johnson2015,
    author = {Johnson, Justin},
    title = {neural-style},
    year = {2015},
    publisher = {GitHub},
    journal = {GitHub repository},
    howpublished = {\url{https://github.com/jcjohnson/neural-style}},
  }
  
  @article{Srivastava:2014:DSW:2627435.2670313,
  author = {Srivastava, Nitish and Hinton, Geoffrey and Krizhevsky, Alex and Sutskever, Ilya and Salakhutdinov, Ruslan},
  title = {Dropout: A Simple Way to Prevent Neural Networks from Overfitting},
  journal = {J. Mach. Learn. Res.},
  issue_date = {January 2014},
  volume = {15},
  number = {1},
  month = jan,
  year = {2014},
  issn = {1532-4435},
  pages = {1929--1958},
  numpages = {30},
  url = {http://dl.acm.org/citation.cfm?id=2627435.2670313},
  acmid = {2670313},
  publisher = {JMLR.org},
  keywords = {deep learning, model combination, neural networks, regularization},
  } 
  
  @inproceedings{DBLP:conf/nips/KrizhevskySH12,
  author    = {Alex Krizhevsky and
               Ilya Sutskever and
               Geoffrey E. Hinton},
  title     = {ImageNet Classification with Deep Convolutional Neural Networks},
  booktitle = {Advances in Neural Information Processing Systems 25: 26th Annual
               Conference on Neural Information Processing Systems 2012. Proceedings
               of a meeting held December 3-6, 2012, Lake Tahoe, Nevada, United States.},
  pages     = {1106--1114},
  year      = {2012},
  crossref  = {DBLP:conf/nips/2012},
  url       = {http://papers.nips.cc/paper/4824-imagenet-classification-with-deep-convolutional-neural-networks},
  timestamp = {Thu, 11 Dec 2014 17:34:07 +0100},
  biburl    = {http://dblp.uni-trier.de/rec/bib/conf/nips/KrizhevskySH12},
  bibsource = {dblp computer science bibliography, http://dblp.org}
  }
  
  @Article{Simonyan14c,
    author       = "Simonyan, K. and Zisserman, A.",
    title        = "Very Deep Convolutional Networks for Large-Scale Image Recognition",
    journal      = "CoRR",
    volume       = "abs/1409.1556",
    year         = "2014"
  }
  
  @inproceedings{43022,
  title = {Going Deeper with Convolutions},
  author  = {Christian Szegedy and Wei Liu and Yangqing Jia and Pierre Sermanet and Scott Reed and Dragomir Anguelov and Dumitru Erhan and Vincent Vanhoucke and Andrew Rabinovich},
  year  = 2015,
  URL = {http://arxiv.org/abs/1409.4842},
  booktitle = {Computer Vision and Pattern Recognition (CVPR)}
  }
  
  @article{DBLP:journals/corr/HeZRS15,
  author    = {Kaiming He and
               Xiangyu Zhang and
               Shaoqing Ren and
               Jian Sun},
  title     = {Deep Residual Learning for Image Recognition},
  journal   = {CoRR},
  volume    = {abs/1512.03385},
  year      = {2015},
  url       = {http://arxiv.org/abs/1512.03385},
  timestamp = {Wed, 30 Mar 2016 23:40:00 +0200},
  biburl    = {http://dblp.uni-trier.de/rec/bib/journals/corr/HeZRS15},
  bibsource = {dblp computer science bibliography, http://dblp.org}
  }